
@book{campbell1980,
	title = {The American voter},
	author = {Campbell, Angus},
	year = {1980},
	date = {1980},
	publisher = {University of Chicago Press},
	series = {Midway reprints},
	edition = {Unabridged ed},
	address = {Chicago [Ill.]},
	langid = {eng}
}

@article{kane2021,
	title = {Who{\textquoteright}s at the Party? Group Sentiments, Knowledge, and Partisan Identity},
	author = {Kane, John V. and Mason, Lilliana and Wronski, Julie},
	year = {2021},
	month = {10},
	date = {2021-10-01},
	journal = {The Journal of Politics},
	pages = {1783--1799},
	volume = {83},
	number = {4},
	doi = {10.1086/715072},
	url = {https://www.journals.uchicago.edu/doi/10.1086/715072},
	langid = {en}
}

@book{mason2018,
	title = {Uncivil agreement: how politics became our identity},
	author = {Mason, Lilliana},
	year = {2018},
	date = {2018},
	publisher = {The University of Chicago Press},
	address = {Chicago, Illinois; London}
}

@book{green2002,
	title = {Partisan hearts and minds: political parties and the social identities of voters},
	author = {Green, Donald P. and Palmquist, Bradley and Schickler, Eric},
	year = {2002},
	date = {2002},
	publisher = {Yale University Press},
	series = {Yale ISPS series},
	address = {New Haven, CT; London}
}

@article{morel2020,
	title = {Who Governs? How Shifts in Political Power Shape Perceptions of Local Government Services},
	author = {Morel, Domingo and Nuamah, Sally A.},
	year = {2020},
	month = {09},
	date = {2020-09},
	journal = {Urban Affairs Review},
	pages = {1503--1528},
	volume = {56},
	number = {5},
	doi = {10.1177/1078087419855675},
	url = {http://journals.sagepub.com/doi/10.1177/1078087419855675},
	langid = {en}
}

@article{westwood2020,
	title = {The Inseparability of Race and Partisanship in the United States},
	author = {Westwood, Sean J. and Peterson, Erik},
	year = {2020},
	month = {10},
	date = {2020-10-08},
	journal = {Political Behavior},
	doi = {10.1007/s11109-020-09648-9},
	langid = {en}
}

@article{conover1988,
	title = {The Role of Social Groups in Political Thinking},
	author = {Conover, Pamela Johnston},
	year = {1988},
	month = {01},
	date = {1988-01},
	journal = {British Journal of Political Science},
	pages = {51--76},
	volume = {18},
	number = {1},
	doi = {10.1017/S0007123400004956},
	url = {https://www.cambridge.org/core/product/identifier/S0007123400004956/type/journal_article},
	langid = {en}
}

@article{egan2020,
	title = {Identity as Dependent Variable: How Americans Shift Their Identities to Align with Their Politics},
	author = {Egan, Patrick J.},
	year = {2020},
	date = {2020},
	journal = {American Journal of Political Science},
	pages = {699--716},
	volume = {64},
	number = {3},
	doi = {10.1111/ajps.12496},
	url = {https://onlinelibrary.wiley.com/doi/10.1111/ajps.12496},
	langid = {en}
}

@article{abad2021,
	title = {History Never Really Says Goodbye: A Critical Review of the Persistence Literature},
	author = {Abad, Leticia Arroyo and Maurer, Noel},
	year = {2021},
	date = {2021},
	journal = {Journal of Historical Political Economy},
	pages = {31--68},
	volume = {1},
	number = {1},
	doi = {10.1561/115.00000002},
	url = {http://www.nowpublishers.com/article/Details/HPE-0002},
	langid = {en}
}

@article{zhirkov2022,
	title = {The Origins and Consequences of Racialized Schemas about U.S. Parties},
	author = {Zhirkov, Kirill and Valentino, Nicholas A.},
	year = {2022},
	month = {04},
	date = {2022-04-06},
	journal = {The Journal of Race, Ethnicity, and Politics},
	pages = {1--21},
	doi = {10.1017/rep.2022.4},
	url = {https://www.cambridge.org/core/product/identifier/S2056608522000046/type/journal_article},
	langid = {en}
}

@article{mason2021,
	title = {Activating Animus: The Uniquely Social Roots of Trump Support},
	author = {Mason, Lilliana and Wronski, Julie and Kane, John V.},
	year = {2021},
	month = {06},
	date = {2021-06-30},
	journal = {American Political Science Review},
	pages = {1--9},
	doi = {10.1017/S0003055421000563},
	url = {https://www.cambridge.org/core/product/identifier/S0003055421000563/type/journal_article},
	langid = {en}
}

@article{abrajano2015,
	title = {Reexamining the {\textquotedblleft}Racial Gap{\textquotedblright} in Political Knowledge},
	author = {Abrajano, Marisa},
	year = {2015},
	month = {01},
	date = {2015-01},
	journal = {The Journal of Politics},
	pages = {44--54},
	volume = {77},
	number = {1},
	doi = {10.1086/678767},
	url = {https://www.journals.uchicago.edu/doi/10.1086/678767},
	langid = {en}
}

@article{mason2015,
	title = {{\textquotedblleft}I Disrespectfully Agree{\textquotedblright}: The Differential Effects of Partisan Sorting on Social and Issue Polarization: PARTISAN SORTING AND POLARIZATION},
	author = {Mason, Lilliana},
	year = {2015},
	month = {01},
	date = {2015-01},
	journal = {American Journal of Political Science},
	pages = {128--145},
	volume = {59},
	number = {1},
	doi = {10.1111/ajps.12089},
	url = {https://onlinelibrary.wiley.com/doi/10.1111/ajps.12089},
	langid = {en}
}

@article{stephens-dougan2016,
	title = {Priming Racial Resentment without Stereotypic Cues},
	author = {Stephens-Dougan, LaFleur},
	year = {2016},
	month = {07},
	date = {2016-07},
	journal = {The Journal of Politics},
	pages = {687--704},
	volume = {78},
	number = {3},
	doi = {10.1086/685087},
	url = {https://www.journals.uchicago.edu/doi/10.1086/685087},
	langid = {en}
}

@book{fiorina1981,
	title = {Retrospective voting in American national elections},
	author = {Fiorina, Morris P.},
	year = {1981},
	date = {1981},
	publisher = {Yale University Press},
	address = {New Haven}
}

@book{downs1957,
	title = {An Economic Theory of Democracy},
	author = {Downs, Anthony},
	year = {1957},
	date = {1957},
	publisher = {Harper Collins},
	address = {New York},
	langid = {eng}
}

@book{achen2017,
	title = {Democracy for realists: why elections do not produce responsive government: with a new afterword by the authors},
	author = {Achen, Christopher H. and Bartels, Larry M.},
	year = {2017},
	date = {2017},
	publisher = {Princeton University Press},
	series = {Princeton studies in political behavior},
	note = {OCLC: on1001439660},
	address = {Princeton, New Jersey}
}

@book{carmines1990,
	title = {Issue evolution: race and the transformation of American politics},
	author = {Carmines, Edward G. and Stimson, James A.},
	year = {1990},
	date = {1990},
	publisher = {Princeton University Press},
	address = {Princeton, N.J.},
	langid = {eng}
}

@article{valentino2005,
	title = {Old Times There Are Not Forgotten: Race and Partisan Realignment in the Contemporary South},
	author = {Valentino, Nicholas A. and Sears, David O.},
	year = {2005},
	month = {07},
	date = {2005-07},
	journal = {American Journal of Political Science},
	pages = {672--688},
	volume = {49},
	number = {3},
	doi = {10.1111/j.1540-5907.2005.00136.x},
	url = {https://onlinelibrary.wiley.com/doi/10.1111/j.1540-5907.2005.00136.x},
	langid = {en}
}

@article{mason2016,
	title = {A Cross-Cutting Calm: How Social Sorting Drives Affective Polarization},
	author = {Mason, Lilliana},
	year = {2016},
	date = {2016},
	journal = {Public Opinion Quarterly},
	pages = {351--377},
	volume = {80},
	number = {S1},
	doi = {10.1093/poq/nfw001},
	url = {https://academic.oup.com/poq/article-lookup/doi/10.1093/poq/nfw001},
	langid = {en}
}

@article{hajnal2014,
	title = {Immigration, Latinos, and White Partisan Politics: The New Democratic Defection},
	author = {Hajnal, Zoltan and Rivera, Michael U.},
	year = {2014},
	month = {10},
	date = {2014-10},
	journal = {American Journal of Political Science},
	pages = {773--789},
	volume = {58},
	number = {4},
	doi = {10.1111/ajps.12101},
	url = {https://onlinelibrary.wiley.com/doi/10.1111/ajps.12101},
	langid = {en}
}

@article{mason2018a,
	title = {One Tribe to Bind Them All: How Our Social Group Attachments Strengthen Partisanship},
	author = {Mason, Lilliana and Wronski, Julie},
	year = {2018},
	month = {02},
	date = {2018-02},
	journal = {Political Psychology},
	pages = {257--277},
	volume = {39},
	doi = {10.1111/pops.12485},
	url = {http://doi.wiley.com/10.1111/pops.12485},
	langid = {en}
}

@article{ahler2018,
	title = {The Parties in Our Heads: Misperceptions about Party Composition and Their Consequences},
	author = {Ahler, Douglas J. and Sood, Gaurav},
	year = {2018},
	month = {07},
	date = {2018-07},
	journal = {The Journal of Politics},
	pages = {964--981},
	volume = {80},
	number = {3},
	doi = {10.1086/697253},
	url = {https://www.journals.uchicago.edu/doi/10.1086/697253},
	langid = {en}
}

@article{wong2012,
	title = {Bringing the Person Back In: Boundaries, Perceptions, and the Measurement of Racial Context},
	author = {Wong, Cara and Bowers, Jake and Williams, Tarah and Simmons, Katherine Drake},
	year = {2012},
	month = {10},
	date = {2012-10},
	journal = {The Journal of Politics},
	pages = {1153--1170},
	volume = {74},
	number = {4},
	doi = {10.1017/S0022381612000552},
	url = {https://www.journals.uchicago.edu/doi/10.1017/S0022381612000552},
	langid = {en}
}

@article{velez2017,
	title = {Assessing Contextual Measurement Strategies},
	author = {Velez, Yamil Ricardo and Wong, Grace},
	year = {2017},
	month = {07},
	date = {2017-07},
	journal = {The Journal of Politics},
	pages = {1084--1089},
	volume = {79},
	number = {3},
	doi = {10.1086/691281},
	url = {https://www.journals.uchicago.edu/doi/10.1086/691281},
	langid = {en}
}

@book{wong2010,
	title = {Boundaries of obligation in American politics: geographic, national, and racial communities},
	author = {Wong, Cara},
	year = {2010},
	date = {2010},
	publisher = {Cambridge University Press},
	series = {Cambridge studies in public opinion and political psychology},
	note = {OCLC: ocn318243575},
	address = {Cambridge [England] ; New York}
}

@article{hopkins2009,
	title = {The Diversity Discount: When Increasing Ethnic and Racial Diversity Prevents Tax Increases},
	author = {Hopkins, Daniel J.},
	year = {2009},
	month = {01},
	date = {2009-01},
	journal = {The Journal of Politics},
	pages = {160--177},
	volume = {71},
	number = {1},
	doi = {10.1017/S0022381608090105},
	url = {https://www.journals.uchicago.edu/doi/10.1017/S0022381608090105},
	langid = {en}
}

@article{campbell2006,
	title = {{\textquotedblleft}Racial Threat{\textquotedblright}, Partisan Climate, and Direct Democracy: Contextual Effects in Three California Initiatives},
	author = {Campbell, Andrea Louise and Wong, Cara and Citrin, Jack},
	year = {2006},
	month = {06},
	date = {2006-06},
	journal = {Political Behavior},
	pages = {129--150},
	volume = {28},
	number = {2},
	doi = {10.1007/s11109-006-9005-6},
	url = {http://link.springer.com/10.1007/s11109-006-9005-6},
	langid = {en}
}

@article{newman2015,
	title = {Are Citizens {\textquotedblleft}Receiving the Treatment{\textquotedblright}? Assessing a Key Link in Contextual Theories of Public Opinion and Political Behavior: Receiving the Treatment},
	author = {Newman, Benjamin J. and Velez, Yamil and Hartman, Todd K. and Bankert, Alexa},
	year = {2015},
	month = {02},
	date = {2015-02},
	journal = {Political Psychology},
	pages = {123--131},
	volume = {36},
	number = {1},
	doi = {10.1111/pops.12069},
	url = {https://onlinelibrary.wiley.com/doi/10.1111/pops.12069},
	langid = {en}
}
